<?xml version="1.0" encoding="UTF-8"?>
  <record xmlns="http://www.loc.gov/MARC21/slim" type="Authority">
    <leader>00000nz  a2200000nc 4500</leader>
    <controlfield tag="001">121551075</controlfield>
    <controlfield tag="003">DE-101</controlfield>
    <controlfield tag="005">20200207101107.0</controlfield>
    <controlfield tag="008">991109n||azznnaabn           | aaa    |c</controlfield>
    <datafield tag="024" ind1="7" ind2=" ">
      <subfield code="a">121551075</subfield>
      <subfield code="0">http://d-nb.info/gnd/121551075</subfield>
      <subfield code="2">gnd</subfield>
    </datafield>
    <datafield tag="024" ind1="7" ind2=" ">
      <subfield code="a">n85196084</subfield>
      <subfield code="2">lccn</subfield>
    </datafield>
    <datafield tag="024" ind1="7" ind2=" ">
      <subfield code="a">55006628</subfield>
      <subfield code="2">viaf</subfield>
    </datafield>
    <datafield tag="035" ind1=" " ind2=" ">
      <subfield code="a">(DE-101)121551075</subfield>
    </datafield>
    <datafield tag="035" ind1=" " ind2=" ">
      <subfield code="a">(DE-588)121551075</subfield>
    </datafield>
    <datafield tag="035" ind1=" " ind2=" ">
      <subfield code="z">(DE-588)1052889255</subfield>
    </datafield>
    <datafield tag="035" ind1=" " ind2=" ">
      <subfield code="z">(DE-588a)121551075</subfield>
      <subfield code="9">v:zg</subfield>
    </datafield>
    <datafield tag="035" ind1=" " ind2=" ">
      <subfield code="z">(DE-588c)4815753-3</subfield>
      <subfield code="9">v:zg</subfield>
    </datafield>
    <datafield tag="040" ind1=" " ind2=" ">
      <subfield code="a">DE-12</subfield>
      <subfield code="c">DE-12</subfield>
      <subfield code="9">r:DE-12</subfield>
      <subfield code="b">ger</subfield>
      <subfield code="d">7777</subfield>
    </datafield>
    <datafield tag="042" ind1=" " ind2=" ">
      <subfield code="a">gnd1</subfield>
    </datafield>
    <datafield tag="043" ind1=" " ind2=" ">
      <subfield code="c">XA-GB</subfield>
      <subfield code="c">XA-NL</subfield>
    </datafield>
    <datafield tag="065" ind1=" " ind2=" ">
      <subfield code="a">16.5p</subfield>
      <subfield code="2">sswd</subfield>
    </datafield>
    <datafield tag="075" ind1=" " ind2=" ">
      <subfield code="b">p</subfield>
      <subfield code="2">gndgen</subfield>
    </datafield>
    <datafield tag="075" ind1=" " ind2=" ">
      <subfield code="b">piz</subfield>
      <subfield code="2">gndspec</subfield>
    </datafield>
    <datafield tag="079" ind1=" " ind2=" ">
      <subfield code="a">g</subfield>
      <subfield code="q">s</subfield>
      <subfield code="q">a</subfield>
      <subfield code="q">f</subfield>
      <subfield code="u">v</subfield>
    </datafield>
    <datafield tag="100" ind1="1" ind2=" ">
      <subfield code="a">Oranje-Nassau, Maria &#152;van&#156;</subfield>
      <subfield code="d">1631-1660</subfield>
    </datafield>
    <datafield tag="375" ind1=" " ind2=" ">
      <subfield code="a">1</subfield>
      <subfield code="2">iso5218</subfield>
    </datafield>
    <datafield tag="400" ind1="0" ind2=" ">
      <subfield code="a">Mary</subfield>
      <subfield code="c">of Orange</subfield>
      <subfield code="d">1631-1660</subfield>
    </datafield>
    <datafield tag="400" ind1="1" ind2=" ">
      <subfield code="a">Oranje-Nassau, Maria Henrietta &#152;van&#156;</subfield>
      <subfield code="d">1631-1660</subfield>
    </datafield>
    <datafield tag="400" ind1="0" ind2=" ">
      <subfield code="a">Mary Henrietta</subfield>
      <subfield code="c">Stuart</subfield>
      <subfield code="d">1631-1660</subfield>
    </datafield>
    <datafield tag="400" ind1="1" ind2=" ">
      <subfield code="a">Stuart, Mary Henrietta</subfield>
      <subfield code="d">1631-1660</subfield>
    </datafield>
    <datafield tag="400" ind1="0" ind2=" ">
      <subfield code="a">Douagière</subfield>
      <subfield code="d">1631-1660</subfield>
    </datafield>
    <datafield tag="400" ind1="0" ind2=" ">
      <subfield code="a">Mary</subfield>
      <subfield code="c">England, Princess</subfield>
      <subfield code="d">1631-1660</subfield>
    </datafield>
    <datafield tag="400" ind1="0" ind2=" ">
      <subfield code="a">Marie</subfield>
      <subfield code="c">England, Princess</subfield>
      <subfield code="d">1631-1660</subfield>
    </datafield>
    <datafield tag="400" ind1="0" ind2=" ">
      <subfield code="a">Maria</subfield>
      <subfield code="c">Stuart</subfield>
      <subfield code="d">1631-1660</subfield>
    </datafield>
    <datafield tag="400" ind1="1" ind2=" ">
      <subfield code="a">Stuart, Maria</subfield>
      <subfield code="d">1631-1660</subfield>
    </datafield>
    <datafield tag="400" ind1="0" ind2=" ">
      <subfield code="a">Mary</subfield>
      <subfield code="c">Orange, Princess</subfield>
      <subfield code="d">1631-1660</subfield>
    </datafield>
    <datafield tag="400" ind1="0" ind2=" ">
      <subfield code="a">Mary</subfield>
      <subfield code="c">Stuart</subfield>
      <subfield code="d">1631-1660</subfield>
    </datafield>
    <datafield tag="400" ind1="1" ind2=" ">
      <subfield code="a">Stuart, Mary</subfield>
      <subfield code="d">1631-1660</subfield>
    </datafield>
    <datafield tag="400" ind1="0" ind2=" ">
      <subfield code="a">Maria</subfield>
      <subfield code="c">Oranje, Prinses</subfield>
      <subfield code="d">1631-1660</subfield>
    </datafield>
    <datafield tag="400" ind1="0" ind2=" ">
      <subfield code="a">Marie</subfield>
      <subfield code="c">Oranje, prinses</subfield>
      <subfield code="d">1631-1660</subfield>
    </datafield>
    <datafield tag="400" ind1="0" ind2=" ">
      <subfield code="a">Maria</subfield>
      <subfield code="c">Oranien, Prinzessin</subfield>
      <subfield code="d">1631-1660</subfield>
    </datafield>
    <datafield tag="400" ind1="0" ind2=" ">
      <subfield code="a">Marie</subfield>
      <subfield code="c">Oranien, Prinzessin</subfield>
      <subfield code="d">1631-1660</subfield>
    </datafield>
    <datafield tag="400" ind1="0" ind2=" ">
      <subfield code="a">Mary Henrietta</subfield>
      <subfield code="c">England, Princess</subfield>
      <subfield code="d">1631-1660</subfield>
    </datafield>
    <datafield tag="400" ind1="0" ind2=" ">
      <subfield code="a">Mary Henrietta</subfield>
      <subfield code="c">Orange, Princess</subfield>
      <subfield code="d">1631-1660</subfield>
    </datafield>
    <datafield tag="400" ind1="0" ind2=" ">
      <subfield code="a">Maria Henrietta</subfield>
      <subfield code="c">Oranje, Prinses</subfield>
      <subfield code="d">1631-1660</subfield>
    </datafield>
    <datafield tag="400" ind1="0" ind2=" ">
      <subfield code="a">Maria</subfield>
      <subfield code="c">Douagière</subfield>
      <subfield code="d">1631-1660</subfield>
    </datafield>
    <datafield tag="400" ind1="0" ind2=" ">
      <subfield code="a">Oranje-Nassau</subfield>
      <subfield code="c">Douagière</subfield>
      <subfield code="d">1631-1660</subfield>
    </datafield>
    <datafield tag="400" ind1="0" ind2=" ">
      <subfield code="a">Douagière</subfield>
      <subfield code="c">de Oranje-Nassau</subfield>
      <subfield code="d">1631-1660</subfield>
    </datafield>
    <datafield tag="400" ind1="1" ind2=" ">
      <subfield code="a">Oranje, Maria &#152;van&#156;</subfield>
      <subfield code="d">1631-1660</subfield>
    </datafield>
    <datafield tag="400" ind1="1" ind2=" ">
      <subfield code="a">Oranje, Maria Henrietta &#152;van&#156;</subfield>
      <subfield code="d">1631-1660</subfield>
    </datafield>
    <datafield tag="500" ind1="0" ind2=" ">
      <subfield code="0">(DE-101)118720856</subfield>
      <subfield code="0">(DE-588)118720856</subfield>
      <subfield code="0">https://d-nb.info/gnd/118720856</subfield>
      <subfield code="a">Karl</subfield>
      <subfield code="b">I.</subfield>
      <subfield code="c">England, König</subfield>
      <subfield code="d">1600-1649</subfield>
      <subfield code="4">bezf</subfield>
      <subfield code="4">https://d-nb.info/standards/elementset/gnd#familialRelationship</subfield>
      <subfield code="w">r</subfield>
      <subfield code="i">Beziehung familiaer</subfield>
      <subfield code="e">Beziehung familiaer</subfield>
      <subfield code="9">v:Vater</subfield>
    </datafield>
    <datafield tag="500" ind1="0" ind2=" ">
      <subfield code="0">(DE-101)118904043</subfield>
      <subfield code="0">(DE-588)118904043</subfield>
      <subfield code="0">https://d-nb.info/gnd/118904043</subfield>
      <subfield code="a">Henriette Maria</subfield>
      <subfield code="c">England, Königin</subfield>
      <subfield code="d">1609-1669</subfield>
      <subfield code="4">bezf</subfield>
      <subfield code="4">https://d-nb.info/standards/elementset/gnd#familialRelationship</subfield>
      <subfield code="w">r</subfield>
      <subfield code="i">Beziehung familiaer</subfield>
      <subfield code="e">Beziehung familiaer</subfield>
      <subfield code="9">v:Mutter</subfield>
    </datafield>
    <datafield tag="500" ind1="0" ind2=" ">
      <subfield code="0">(DE-101)118560042</subfield>
      <subfield code="0">(DE-588)118560042</subfield>
      <subfield code="0">https://d-nb.info/gnd/118560042</subfield>
      <subfield code="a">Karl</subfield>
      <subfield code="b">II.</subfield>
      <subfield code="c">England, König</subfield>
      <subfield code="d">1630-1685</subfield>
      <subfield code="4">bezf</subfield>
      <subfield code="4">https://d-nb.info/standards/elementset/gnd#familialRelationship</subfield>
      <subfield code="w">r</subfield>
      <subfield code="i">Beziehung familiaer</subfield>
      <subfield code="e">Beziehung familiaer</subfield>
      <subfield code="9">v:Bruder</subfield>
    </datafield>
    <datafield tag="500" ind1="0" ind2=" ">
      <subfield code="0">(DE-101)118711539</subfield>
      <subfield code="0">(DE-588)118711539</subfield>
      <subfield code="0">https://d-nb.info/gnd/118711539</subfield>
      <subfield code="a">Jakob</subfield>
      <subfield code="b">II.</subfield>
      <subfield code="c">England, König</subfield>
      <subfield code="d">1633-1701</subfield>
      <subfield code="4">bezf</subfield>
      <subfield code="4">https://d-nb.info/standards/elementset/gnd#familialRelationship</subfield>
      <subfield code="w">r</subfield>
      <subfield code="i">Beziehung familiaer</subfield>
      <subfield code="e">Beziehung familiaer</subfield>
      <subfield code="9">v:Bruder</subfield>
    </datafield>
    <datafield tag="500" ind1="1" ind2=" ">
      <subfield code="0">(DE-101)119151790</subfield>
      <subfield code="0">(DE-588)119151790</subfield>
      <subfield code="0">https://d-nb.info/gnd/119151790</subfield>
      <subfield code="a">Orléans, Henriette-Anne &#152;d'&#156;</subfield>
      <subfield code="d">1644-1670</subfield>
      <subfield code="4">bezf</subfield>
      <subfield code="4">https://d-nb.info/standards/elementset/gnd#familialRelationship</subfield>
      <subfield code="w">r</subfield>
      <subfield code="i">Beziehung familiaer</subfield>
      <subfield code="e">Beziehung familiaer</subfield>
      <subfield code="9">v:Schwester</subfield>
    </datafield>
    <datafield tag="548" ind1=" " ind2=" ">
      <subfield code="a">1631-1660</subfield>
      <subfield code="4">datl</subfield>
      <subfield code="4">https://d-nb.info/standards/elementset/gnd#dateOfBirthAndDeath</subfield>
      <subfield code="w">r</subfield>
      <subfield code="i">Lebensdaten</subfield>
      <subfield code="9">v:anderslt. Todesjahre 1661, 1666</subfield>
    </datafield>
    <datafield tag="667" ind1=" " ind2=" ">
      <subfield code="a">12</subfield>
    </datafield>
    <datafield tag="670" ind1=" " ind2=" ">
      <subfield code="a">PND</subfield>
    </datafield>
    <datafield tag="678" ind1=" " ind2=" ">
      <subfield code="b">Älteste Tochter von König Charles I. von England, Gemahlin von Willem II. von Oranien (IDN 119357577); als dieser 1650 starb, auch als "Douagière" (Witwe) bezeichnet; Engl. Prinzessin; Prinzessin von England; Prinzessin von Oranien</subfield>
    </datafield>
    <datafield tag="913" ind1=" " ind2=" ">
      <subfield code="S">pnd</subfield>
      <subfield code="i">a</subfield>
      <subfield code="a">Oranje-Nassau, Maria /van</subfield>
      <subfield code="0">(DE-588a)121551075</subfield>
    </datafield>
  </record>
